<record><leader>00000cas a22000007a 4500</leader><controlfield tag="001">9767852</controlfield><controlfield tag="008">830802d18701874nyucr ne      0    0eng d</controlfield><controlfield tag="009">3781</controlfield><datafield ind1=" " ind2=" " tag="010"><subfield code="a">sn 83031042 </subfield></datafield><datafield ind1=" " ind2=" " tag="040"><subfield code="a">NPU</subfield><subfield code="b">eng</subfield><subfield code="c">NPU</subfield><subfield code="d">NPX</subfield><subfield code="d">NYS</subfield><subfield code="d">OCLCQ</subfield></datafield><datafield ind1=" " ind2=" " tag="042"><subfield code="a">msc</subfield></datafield><datafield ind1="0" ind2="0" tag="245"><subfield code="a">Binghamton standard and semi-weekly Republican.</subfield></datafield><datafield ind1="0" ind2="0" tag="246"><subfield code="a">Binghamton standard</subfield></datafield><datafield ind1=" " ind2=" " tag="260"><subfield code="a">Binghamton, N.Y. :</subfield><subfield code="b">Malette &amp; Reid,</subfield></datafield><datafield ind1=" " ind2=" " tag="300"><subfield code="a">v. ;</subfield><subfield code="c">63 cm.</subfield></datafield><datafield ind1=" " ind2=" " tag="310"><subfield code="a">Semiweekly</subfield></datafield><datafield ind1="0" ind2=" " tag="362"><subfield code="a">Vol. 1, no. 1 (July 2, 1870)-</subfield></datafield><datafield ind1="1" ind2=" " tag="362"><subfield code="a">Ceased July 1, 1874.</subfield></datafield><datafield ind1=" " ind2=" " tag="500"><subfield code="a">Sometimes published as: Binghamton standard.</subfield></datafield><datafield ind1=" " ind2=" " tag="500"><subfield code="a">Publishers: Malette &amp; Reid, &lt;1870-1871&gt;; George J. Reid, &lt;1873&gt;.</subfield></datafield><datafield ind1=" " ind2=" " tag="500"><subfield code="a">Editor: James Malette, &lt;1873&gt;.</subfield></datafield><datafield ind1=" " ind2="4" tag="651"><subfield code="a">Binghamton)N.Y.)</subfield><subfield code="v">Newspapers.</subfield></datafield><datafield ind1="1" ind2=" " tag="700"><subfield code="a">Malette, James.</subfield></datafield><datafield ind1=" " ind2=" " tag="752"><subfield code="a">United States</subfield><subfield code="b">New York</subfield><subfield code="c">Broome</subfield><subfield code="d">Binghamton.</subfield></datafield><datafield ind1="0" ind2=" " tag="775"><subfield code="t">Binghamton daily Republican (Binghamton, N.Y. : 1849)</subfield><subfield code="w">(DLC)sn 83031036</subfield></datafield><datafield ind1="0" ind2="1" tag="780"><subfield code="t">Republican and standard (Binghamton, N.Y.)</subfield><subfield code="w">(DLC)sn 83031040</subfield></datafield></record>